<?xml version="1.0" encoding="UTF-8"?><collection xmlns="http://www.loc.gov/MARC21/slim"><record><leader>00535nam--2200169-i-4500</leader><controlfield tag="001">000009434</controlfield><controlfield tag="002">20161230</controlfield><controlfield tag="005">20170219001735</controlfield><controlfield tag="008">060222s1000------------r-----000-0-eng-d</controlfield><datafield ind1=" " ind2=" " tag="100"><subfield code="a">Burke, D. G</subfield></datafield><datafield ind1=" " ind2=" " tag="245"><subfield code="a">A study of energy levels in even-even ytterbiu m isotopes by means of (d,p), (d,t) and (d,d( reactions</subfield></datafield><datafield ind1=" " ind2=" " tag="260"><subfield code="a">Kobenhavn</subfield><subfield code="b">Det Kongelige Danske Videnskabernes Selskab</subfield><subfield code="c">1967</subfield></datafield><datafield ind1=" " ind2=" " tag="300"><subfield code="a">43 p</subfield></datafield><datafield ind1=" " ind2=" " tag="490"><subfield code="a">Matematisk, Fysiske Meddelelser</subfield></datafield><datafield ind1=" " ind2=" " tag="700"><subfield code="a">Elbek, Bent</subfield></datafield><datafield ind1=" " ind2=" " tag="852"><subfield code="a">539.172.13</subfield></datafield><datafield ind1=" " ind2=" " tag="CAT"><subfield code="a">SYS</subfield><subfield code="c">20170219</subfield><subfield code="h">001735</subfield></datafield></record></collection>